@manual{74hc595,
  author = {Texas Instruments},
  title = {74HC595: 8-Bit Shift Register with Output Latches Datasheet},
  year={1982},
  url={https://www.ti.com/lit/ds/symlink/sn54hc595.pdf},
  organization = {Texas Instruments}
}
@manual{74hc95,
  author = {{Hitachi Semiconductor}},
  title = {HD75HC95 4 Bit Parallel Access Shift Register},
  year={1999},
  url={https://www.alldatasheet.com/html-pdf/63942/HITACHI/HD74HC95/247/1/HD74HC95.html},
  organization={HITACHI}
}
